<record><leader>00000cas a22000007a 4500</leader><controlfield tag="001">17368615</controlfield><controlfield tag="008">880121d18781881pauwr ne      0    0eng d</controlfield><datafield ind1=" " ind2=" " tag="010"><subfield code="a">sn 88079042 </subfield></datafield><datafield ind1=" " ind2=" " tag="040"><subfield code="a">NPH</subfield><subfield code="b">eng</subfield><subfield code="c">NPH</subfield><subfield code="d">OCLCQ</subfield></datafield><datafield ind1=" " ind2=" " tag="042"><subfield code="a">msc</subfield></datafield><datafield ind1="0" ind2="4" tag="245"><subfield code="a">The East Stroudsburg gazette.</subfield></datafield><datafield ind1=" " ind2=" " tag="260"><subfield code="a">East Stroudsburg, Pa. :</subfield><subfield code="b">G.D. Whit</subfield></datafield><datafield ind1=" " ind2=" " tag="300"><subfield code="a">v. ;</subfield><subfield code="c">58 cm.</subfield></datafield><datafield ind1=" " ind2=" " tag="310"><subfield code="a">Weekly</subfield></datafield><datafield ind1="1" ind2=" " tag="362"><subfield code="a">Began in May 1878?; ceased in 1881?</subfield></datafield><datafield ind1=" " ind2=" " tag="500"><subfield code="a">"A Democratic journal devoted to politics, general and local news."</subfield></datafield><datafield ind1=" " ind2=" " tag="588"><subfield code="a">Description based on: Vol. 2, no. 35 (Jan. 14, 1880).</subfield></datafield><datafield ind1=" " ind2=" " tag="752"><subfield code="a">United States</subfield><subfield code="b">Pennsylvania</subfield><subfield code="c">Monroe</subfield><subfield code="d">East Stroudsburg.</subfield></datafield><datafield ind1="0" ind2="0" tag="785"><subfield code="t">Weekly express (East Stroudsburg, Pa.)</subfield><subfield code="w">(DLC)sn 88079041</subfield></datafield></record>